EntityRegistrantName,EntityCentralIndexKey,EntityFilerCategory,TradingSymbol,FiscalYear,FiscalPeriod,DocumentType,PeriodStartDate,DocumentPeriodEndDate,Assets,CurrentAssets,NoncurrentAssets,LiabilitiesAndEquity,Liabilities,CurrentLiabilities,NoncurrentLiabilities,CommitmentsAndContingencies,TemporaryEquity,Equity,EquityAttributableToParent,EquityAttributableToNoncontrollingInterest,Revenues,CostOfRevenue,GrossProfit,OperatingExpenses,CostsAndExpenses,OtherOperatingIncome,OperatingIncomeLoss,NonoperatingIncomeLoss,InterestAndDebtExpense,NonoperatingIncomeLossPlusInterestAndDebtExpense,IncomeBeforeEquityMethodInvestments,IncomeFromEquityMethodInvestments,IncomeFromContinuingOperationsBeforeTax,IncomeTaxExpenseBenefit,IncomeFromContinuingOperationsAfterTax,IncomeFromDiscontinuedOperations,ExtraordaryItemsGainLoss,NetIncomeLoss,NetIncomeAttributableToParent,NetIncomeAttributableToNoncontrollingInterest,PreferredStockDividendsAndOtherAdjustments,NetIncomeAvailableToCommonStockholdersBasic,ComprehensiveIncome,OtherComprehensiveIncome,NetCashFlowsOperating,NetCashFlowsOperatingContinuing,NetCashFlowsOperatingDiscontinued,NetCashFlowsInvesting,NetCashFlowsInvestingContinuing,NetCashFlowsInvestingDiscontinued,NetCashFlowsFinancing,NetCashFlowsFinancingContinuing,NetCashFlowsFinancingDiscontinued,NetCashFlowsContinuing,NetCashFlowsDiscontinued,ExchangeGainsLosses,NetCashFlow,ComprehensiveIncomeAttributableToParent,ComprehensiveIncomeAttributableToNoncontrollingInterest,SGR,ROA,ROE,ROS
BALL CORP,0000009389,Large Accelerated Filer,Not provided,2012,FY,10-K,2012-01-01,2012-12-31,7507100000.0,2339400000.0,5167700000.0,7507100000.0,6217100000.0,1685800000.0,4531300000.0,0,0.0,1290000000.0,1114600000.0,175400000.0,8735700000.0,10054300000.0,1318600000.0,-2109100000.0,7945200000.0,-2637200000.0,790500000.0,0,0,0,595600000.0,-1300000.0,595600000.0,165000000.0,429300000.0,-2800000.0,0,426500000.0,0,23000000.0,0,403500000.0,409000000.0,-17500000.0,853200000.0,858300000.0,-5100000.0,-356000000.0,-356000000.0,0,-486900000.0,-486900000.0,0,15400000.0,-5100000.0,-2000000.0,8300000.0,386300000.0,-10700000.0,0.4939200926462074,0.056812883803332846,0.3306201550387597,0.04882264729786966
LOCKHEED MARTIN CORP,0000936468,Large Accelerated Filer,LMT,2012,FY,10-K,2012-01-01,2012-12-31,38657000000.0,13855000000.0,24802000000.0,38657000000.0,38618000000.0,12155000000.0,26463000000.0,0,0.0,39000000.0,39000000.0,0,47182000000.0,8383000000.0,4196000000.0,0,0,0,4157000000.0,0,0,0,3795000000.0,277000000.0,4072000000.0,1327000000.0,2745000000.0,0,0,2745000000.0,2745000000.0,0,0.0,2745000000.0,509000000.0,-2236000000.0,1561000000.0,1561000000.0,0,-1222000000.0,-1222000000.0,0,-2023000000.0,-2023000000.0,0,-1684000000.0,0,0,-1684000000.0,509000000.0,0,-1.0144124168514412,0.07100913159324314,70.38461538461539,0.05817896655504218
KFORCE INC,0000930420,Accelerated Filer,Not provided,2012,FY,10-K,2012-01-01,2012-12-31,325149000.0,171559000.0,153590000.0,325149000.0,155303000.0,98874000.0,56429000.0,0,0.0,169846000.0,169846000.0,0,1082479000.0,734546000.0,347933000.0,0,0,0,-54450000.0,0,0,0,-55566000.0,0,-55566000.0,-19854000.0,-35712000.0,22009000.0,0,-13703000.0,-13703000.0,0,0.0,-13703000.0,0,-12366000.0,55978000.0,55978000.0,0,52405000.0,52405000.0,0,-107941000.0,-107941000.0,0,442000.0,0,0,442000.0,0,0,-0.07465581397882853,-0.04214375563203331,-0.0806789680063116,-0.01265890608501412
WESCO INTERNATIONAL INC.,0000929008,Large Accelerated Filer,Not provided,2012,FY,10-K,2012-01-01,2012-12-31,4629629000.0,2101837000.0,2527792000.0,4629629000.0,3075938000.0,1007995000.0,2067943000.0,0,0.0,1553585000.0,1553691000.0,-106000.0,6579301000.0,5247855000.0,1331446000.0,0,0,0,332871000.0,0,0,0,281639000.0,0,281639000.0,79880000.0,201759000.0,0,0,201759000.0,201777000.0,-18000.0,0.0,201777000.0,192764000.0,-8995000.0,288184000.0,288184000.0,0,-1311006000.0,-1311006000.0,0,1044048000.0,1044048000.0,0,21226000.0,0,1004000.0,22230000.0,192764000.0,0,0.14924923769775106,0.04357994992687319,0.12986672760100026,0.030665719656237038
LRAD Corp,0000924383,Smaller Reporting Company,Not provided,2012,FY,10-K,2011-10-01,2012-09-30,24405047.0,22931711.0,1473336.0,24405047.0,1983278.0,1619461.0,363817.0,0,0.0,22421769.0,22421769.0,0,14792338.0,7313762.0,7478576.0,6201267.0,13515029.0,0.0,1277309.0,0,0,0,1311204.0,0,1311204.0,-150816.0,1462020.0,0,0,1462020.0,1462020.0,0,0.0,1462020.0,1462020.0,0.0,194178.0,197191.0,-3013.0,-205435.0,-205435.0,0,0,0,0,-8244.0,-3013.0,0,-11257.0,1462020.0,0,0.0697536979092641,0.05990646115125285,0.0652053814308764,0.09883630295630076
SHAW GROUP INC,0000914024,Large Accelerated Filer,Not provided,2012,FY,10-K,2011-09-01,2012-08-31,5007453000.0,3980426000.0,1027027000.0,5007453000.0,4014972000.0,3905158000.0,109814000.0,0,0.0,992481000.0,951377000.0,41104000.0,6008435000.0,5580471000.0,427964000.0,0,0,0,234941000.0,0,0,0,240051000.0,16243000.0,240051000.0,44971000.0,211323000.0,0,0,211323000.0,198916000.0,12407000.0,0.0,198916000.0,176884000.0,-34439000.0,129789000.0,129789000.0,0,430343000.0,430343000.0,0,-141417000.0,-141417000.0,0,418715000.0,0,142000.0,417803000.0,164477000.0,0,0.27052529705898165,0.04220169415469301,0.21292397537081315,0.0351710553580092
TRIQUINT SEMICONDUCTOR INC,0000913885,Large Accelerated Filer,TQNT,2012,FY,10-K,2012-01-01,2012-12-31,1053678000.0,479783000.0,573895000.0,1053678000.0,145279000.0,113774000.0,31505000.0,0,0.0,908399000.0,908399000.0,0,829174000.0,591578000.0,237596000.0,274672000.0,866250000.0,0.0,-37076000.0,5202000.0,0.0,5202000.0,-31874000.0,0,-31874000.0,-5705000.0,-26169000.0,0,0,-26169000.0,-26169000.0,0,0.0,-26169000.0,-26675000.0,-506000.0,81063000.0,81063000.0,0,-49298000.0,-49298000.0,0,-31417000.0,-31417000.0,0,348000.0,0,0,348000.0,-26675000.0,0,-0.028001172734354263,-0.02483586067090705,-0.02880782563609163,-0.03156032388859274
JABIL CIRCUIT INC,0000898293,Large Accelerated Filer,JBL,2012,FY,10-K,2011-09-01,2012-08-31,7803141000.0,5639328000.0,2163813000.0,7803141000.0,5695806000.0,3858996000.0,1836810000.0,0,0.0,2107335000.0,2105057000.0,2278000.0,17151941000.0,15842896000.0,1309045000.0,0,0,0,621931000.0,0,0,0,508900000.0,0,508900000.0,112811000.0,396089000.0,0,0,396089000.0,394687000.0,1402000.0,0.0,394687000.0,307935000.0,-88154000.0,634226000.0,634226000.0,0,-605870000.0,-605870000.0,0,317358000.0,317358000.0,0,345714000.0,0,-17069000.0,328645000.0,306256000.0,1402000.0,0.2314623379689419,0.050760200283449956,0.187957301520641,0.023092954902305226
SANMINA CORP,0000897723,Accelerated Filer,Not provided,2012,Q4,10-K,2011-10-02,2012-09-29,3167786000.0,2326299000.0,841487000.0,3167786000.0,2204005000.0,1219547000.0,984458000.0,0,0.0,963781000.0,963781000.0,0,6093334000.0,5657552000.0,435782000.0,298292000.0,5955844000.0,0.0,137490000.0,-87547000.0,0.0,-87547000.0,49943000.0,0,49943000.0,-130291000.0,180234000.0,0,0,180234000.0,180234000.0,0,0.0,180234000.0,172975000.0,-7259000.0,215413000.0,215413000.0,0,-78027000.0,-78027000.0,0,-366813000.0,-366813000.0,0,-229427000.0,0,-1243000.0,-230670000.0,172975000.0,0,0.23002321494434924,0.05689588880056923,0.1870072142945337,0.029578880790056807
MANTECH INTERNATIONAL CORP,0000892537,Large Accelerated Filer,MANT,2012,FY,10-K,2012-01-01,2012-12-31,1841909000.0,745152000.0,1096757000.0,1841909000.0,676681000.0,387243000.0,289438000.0,0,0.0,1165228000.0,1165228000.0,0,2582295000.0,2213894000.0,368401000.0,0,0,0,170988000.0,0,0,0,154954000.0,0,154954000.0,59935000.0,95019000.0,0,0,95019000.0,95019000.0,0,0.0,95019000.0,95185000.0,166000.0,126258000.0,126258000.0,0,-76009000.0,-76009000.0,0,-29836000.0,-29836000.0,0,20413000.0,0,0,20413000.0,95185000.0,0,0.08878546153134574,0.051587239108989644,0.08154541428801917,0.03679633814107219
AECOM TECHNOLOGY CORP,0000868857,Large Accelerated Filer,Not provided,2012,FY,10-K,2011-10-01,2012-09-30,5664568000.0,3147293000.0,2517275000.0,5664568000.0,3440080000.0,2078402000.0,1361678000.0,0,0.0,2224488000.0,2169464000.0,55024000.0,8218180000.0,7796321000.0,421859000.0,0,0,0,4956000.0,8973000.0,-93746000.0,8973000.0,-31167000.0,48650000.0,17483000.0,74416000.0,-56933000.0,0,0,-56933000.0,-58567000.0,1634000.0,0.0,-58567000.0,-48532000.0,8401000.0,433352000.0,433352000.0,0,-73773000.0,-73773000.0,0,-237614000.0,-237614000.0,0,121965000.0,0,14871000.0,136836000.0,-48532000.0,0,-0.024955060902832057,-0.01005072231457015,-0.025593754607801885,-0.006927689585772032
ALLIANT TECHSYSTEMS INC,0000866121,Large Accelerated Filer,Not provided,2012,FY,10-K,2011-04-01,2012-03-31,4541746000.0,2009695000.0,2532051000.0,4541746000.0,3304995000.0,919780000.0,2385215000.0,0,0.0,1236751000.0,1226795000.0,9956000.0,4613399000.0,3618503000.0,994896000.0,0,0,0,495586000.0,0,89296000.0,89296000.0,406966000.0,0,406966000.0,143762000.0,263204000.0,0,0,263204000.0,0,592000.0,0,262612000.0,139683000.0,-123521000.0,372307000.0,372307000.0,0,-114957000.0,-114957000.0,0,-390811000.0,-390811000.0,0,-133461000.0,0,0,-133461000.0,139091000.0,592000.0,0.27035571985738743,0.05795216200994067,0.21281891019291677,0.05705207808819484
RELIANCE STEEL & ALUMINUM CO,0000861884,Large Accelerated Filer,Not provided,2012,FY,10-K,2012-01-01,2012-12-31,5857700000.0,2277400000.0,3580300000.0,5857700000.0,2290300000.0,578200000.0,1712100000.0,0,0.0,3567400000.0,3558400000.0,9000000.0,8442300000.0,6235400000.0,2206900000.0,1547700000.0,7783100000.0,0.0,659200000.0,0,0,0,609400000.0,2200000.0,609400000.0,201100000.0,408300000.0,0,0,408300000.0,0,4800000.0,0,403500000.0,415600000.0,7300000.0,601900000.0,601900000.0,0,-381700000.0,-381700000.0,0,-207600000.0,-207600000.0,0,12600000.0,0,400000.0,13000000.0,410800000.0,4800000.0,0.12924567123547848,0.06970312580022876,0.11445310310029713,0.048363597597811024
GTSI CORP,0000850483,Smaller Reporting Company,Not provided,2011,FY,10-K,2011-01-01,2011-12-31,163840000.0,142741000.0,21099000.0,163840000.0,66882000.0,63103000.0,3779000.0,0,0.0,96958000.0,96958000.0,0,356666000.0,294302000.0,62364000.0,0,0,0,-18828000.0,9861000.0,-10317000.0,9861000.0,-8967000.0,10317000.0,1350000.0,844000.0,506000.0,0,0,506000.0,506000.0,0,0.0,506000.0,506000.0,0.0,64683000.0,64683000.0,0,7803000.0,7803000.0,0,-21663000.0,-21663000.0,0,50823000.0,0,0,50823000.0,506000.0,0,0.005246132791440301,0.00308837890625,0.005218754512263042,0.0014186942405499824
TETRA TECH INC,0000831641,Large Accelerated Filer,Not provided,2012,FY,10-K,2011-10-03,2012-09-30,1671030000.0,859313000.0,811717000.0,1671030000.0,651163000.0,503794000.0,147369000.0,0,0.0,1019867000.0,1018970000.0,897000.0,2711075000.0,0,0,0,0,0,166367000.0,0,0,0,160796000.0,2916000.0,160796000.0,56064000.0,104732000.0,0,0,104732000.0,0,352000.0,0,104380000.0,131024000.0,26292000.0,158021000.0,158021000.0,0,-79799000.0,-79799000.0,0,-67394000.0,-67394000.0,0,10828000.0,0,3526000.0,14354000.0,130643000.0,381000.0,0.11444431695870007,0.06267511654488549,0.10269182158065708,0.038631170292227256
NAVISTAR INTERNATIONAL CORP,0000808450,Large Accelerated Filer,nav,2012,FY,10-K,2011-11-01,2012-10-31,9102000000.0,5837000000.0,3265000000.0,9102000000.0,12362000000.0,4353000000.0,8009000000.0,0,0.0,-3265000000.0,-3310000000.0,45000000.0,12948000000.0,11670000000.0,1278000000.0,2431000000.0,14101000000.0,0,29000000.0,0,0,0,-1153000000.0,-29000000.0,-1182000000.0,1780000000.0,-2962000000.0,0,0,-2962000000.0,-3010000000.0,48000000.0,0.0,-3010000000.0,-3391000000.0,-429000000.0,610000000.0,610000000.0,0,-2000000.0,-2000000.0,0,-63000000.0,-63000000.0,0,545000000.0,0,3000000.0,548000000.0,-3391000000.0,0,9.775577557755772,-0.3254229839595693,0.907197549770291,-0.2287611986407167
EMCORE CORPORATION,0000808326,Accelerated Filer,Not provided,2012,FY,10-K,2011-10-01,2012-09-30,169866000.0,95406000.0,74460000.0,169866000.0,100843000.0,91435000.0,9408000.0,0,0.0,69023000.0,69023000.0,0,163781000.0,145955000.0,17826000.0,53451000.0,199406000.0,0.0,-34424000.0,-1902000.0,1201000.0,-1902000.0,-36326000.0,-1201000.0,-37527000.0,1644000.0,-39171000.0,0,0,-39171000.0,-39171000.0,0,0.0,-39171000.0,-38707000.0,464000.0,-15002000.0,-15002000.0,0,5274000.0,5274000.0,0,3015000.0,3015000.0,0,-6713000.0,0,162000.0,-6551000.0,-38707000.0,0,-0.36204410595781655,-0.2305994136554696,-0.567506483346131,-0.2391669363357166
ASTRONICS CORP,0000008063,Accelerated Filer,Not provided,2012,FY,10-K,2012-01-01,2012-12-31,211989000.0,108010000.0,103979000.0,211989000.0,86855000.0,47968000.0,38887000.0,0,0.0,125134000.0,125134000.0,0,266446000.0,197004000.0,69442000.0,6527000.0,203531000.0,-30290000.0,32625000.0,0,0,0,31583000.0,0,31583000.0,9709000.0,21874000.0,0,0,21874000.0,21874000.0,0,0.0,21874000.0,17977000.0,-3897000.0,24178000.0,24178000.0,0,-27379000.0,-27379000.0,0,-341000.0,-341000.0,0,-3542000.0,0,3000.0,-3539000.0,17977000.0,0,0.21183420491962035,0.10318459920090194,0.1748046094586603,0.08209543397161151
PPG INDUSTRIES INC,0000079879,Large Accelerated Filer,PPG,2012,FY,10-K,2012-01-01,2012-12-31,15878000000.0,7715000000.0,8163000000.0,15878000000.0,11556000000.0,4461000000.0,7095000000.0,0,0.0,4322000000.0,4063000000.0,259000000.0,15200000000.0,0,0,0,0,0,2251000000.0,0,0,0,1391000000.0,11000000.0,1402000000.0,338000000.0,1064000000.0,0,0,1064000000.0,941000000.0,123000000.0,0.0,941000000.0,1203000000.0,139000000.0,1787000000.0,1787000000.0,0,-1611000000.0,-1611000000.0,0,-351000000.0,-351000000.0,0,-175000000.0,0,24000000.0,-151000000.0,1075000000.0,0,0.32658072437077956,0.06701095855901247,0.24618232299861176,0.07
EMC CORP,0000790070,Large Accelerated Filer,EMC,2012,FY,10-K,2012-01-01,2012-12-31,38068685000.0,12208609000.0,25860076000.0,38068685000.0,14487190000.0,10303996000.0,4183194000.0,0,57704000.0,23523791000.0,22357143000.0,1166648000.0,21713902000.0,2817375000.0,13638363000.0,9674489000.0,12491864000.0,0.0,3963874000.0,-160259000.0,0.0,-160259000.0,3803615000.0,0,3803615000.0,917598000.0,2886017000.0,0,0,2886017000.0,2732613000.0,153404000.0,0.0,2732613000.0,2913669000.0,27652000.0,6262419000.0,6262419000.0,0,-3905068000.0,-3905068000.0,0,-2148952000.0,-2148952000.0,0,208399000.0,0,14625000.0,223024000.0,2759349000.0,916000.0,0.13984148678050257,0.07581078779054228,0.12268502980663279,0.13291102630932017
OSHKOSH CORP,0000775158,Large Accelerated Filer,Not provided,2012,FY,10-K,2011-10-01,2012-09-30,4947800000.0,2694500000.0,2253300000.0,4947800000.0,3094300000.0,1704500000.0,1389800000.0,0,0.0,1853500000.0,1853500000.0,0.0,8180900000.0,7189900000.0,991000000.0,625000000.0,7814900000.0,0.0,366000000.0,0,76000000.0,76000000.0,286700000.0,3600000.0,286700000.0,57400000.0,231600000.0,300000.0,0,231900000.0,230800000.0,1100000.0,900000.0,229900000.0,231900000.0,0.0,268300000.0,268300000.0,0,-41800000.0,-41800000.0,0,-117300000.0,-117300000.0,0,109200000.0,0,3000000.0,112200000.0,231900000.0,0,0.1430069067587568,0.04686931565544282,0.12511464796331265,0.02834651444217629
Honeywell International Inc,0000773840,Large Accelerated Filer,Not provided,2012,FY,10-K,2012-01-01,2012-12-31,41853000000.0,17598000000.0,24255000000.0,41853000000.0,28638000000.0,13045000000.0,15593000000.0,0,150000000.0,13065000000.0,12975000000.0,90000000.0,37665000000.0,5362000000.0,9374000000.0,0,0,0,-45000000.0,0,351000000.0,351000000.0,3830000000.0,45000000.0,3875000000.0,944000000.0,2931000000.0,0,0,2931000000.0,2926000000.0,5000000.0,0.0,2926000000.0,3036000000.0,105000000.0,3517000000.0,3517000000.0,0,-1428000000.0,-1428000000.0,0,-1206000000.0,-1206000000.0,0,883000000.0,0,53000000.0,936000000.0,3031000000.0,5000000.0,0.28922439313203085,0.07003082216328578,0.2243398392652124,0.07781760254878535
UNISYS CORP,0000746838,Large Accelerated Filer,UIS,2012,FY,10-K,2012-01-01,2012-12-31,2420400000.0,1512400000.0,908000000.0,2420400000.0,4009100000.0,1030300000.0,2978800000.0,0,0.0,-1588700000.0,-1600200000.0,11500000.0,3706400000.0,2732900000.0,973500000.0,654300000.0,3387200000.0,0.0,319200000.0,0,0,0,254100000.0,0,254100000.0,97300000.0,156800000.0,0,0,156800000.0,145600000.0,0,16200000.0,129400000.0,-277800000.0,-434600000.0,261300000.0,261300000.0,0,-126700000.0,-126700000.0,0,-204400000.0,-204400000.0,0,-69800000.0,0,10500000.0,-59300000.0,-287100000.0,9300000.0,-0.08983099398453165,0.06478268054866965,-0.09869704790079939,0.042305201813080076
VERIZON COMMUNICATIONS INC,0000732712,Large Accelerated Filer,VZ,2012,FY,10-K,2012-01-01,2012-12-31,225222000000.0,21235000000.0,203987000000.0,225222000000.0,139689000000.0,26956000000.0,112733000000.0,0,0.0,85533000000.0,33157000000.0,52376000000.0,115846000000.0,46275000000.0,69571000000.0,56411000000.0,102686000000.0,0.0,12836000000.0,0,0,0,9573000000.0,324000000.0,9897000000.0,-660000000.0,10557000000.0,0,0,10557000000.0,875000000.0,9682000000.0,0.0,875000000.0,11533000000.0,976000000.0,31486000000.0,31486000000.0,0,-20502000000.0,-20502000000.0,0,-21253000000.0,-21253000000.0,0,-10269000000.0,0,0,-10269000000.0,1841000000.0,-9692000000.0,0.1408050576184379,0.04687375123211764,0.12342604608747501,0.0911296030937624
NORTECH SYSTEMS INC,0000722313,Smaller Reporting Company,Not provided,2012,FY,10-K,2012-01-01,2012-12-31,44514899.0,32691371.0,11823528.0,44514899.0,23379668.0,20131441.0,3248227.0,0,0.0,21135231.0,21135231.0,0,106937387.0,94543067.0,12394320.0,10933722.0,105476789.0,0.0,1460598.0,-533160.0,0.0,-533160.0,927438.0,0,927438.0,298000.0,629438.0,0,0,629438.0,629438.0,0,0.0,629438.0,629438.0,0.0,4621617.0,4621617.0,0,-4395937.0,-4395937.0,0,-225680.0,-225680.0,0,0.0,0,0,0.0,629438.0,0,0.030695618550328683,0.014139939978298053,0.029781458267477655,0.005886042455853162
"Motorola Solutions, Inc.
",0000068505,Large Accelerated Filer,Not provided,2012,FY,10-K,2012-01-01,2012-12-31,12679000000.0,7401000000.0,5278000000.0,12679000000.0,9389000000.0,3335000000.0,6054000000.0,0,0.0,3290000000.0,3265000000.0,25000000.0,8698000000.0,4350000000.0,4348000000.0,0,0,0,1256000000.0,-41000000.0,0.0,-41000000.0,1215000000.0,0,1215000000.0,337000000.0,878000000.0,3000000.0,0,881000000.0,881000000.0,0.0,0.0,881000000.0,457000000.0,-424000000.0,1068000000.0,1066000000.0,2000000.0,797000000.0,797000000.0,0.0,-2305000000.0,-2316000000.0,11000000.0,-453000000.0,13000000.0,27000000.0,-413000000.0,457000000.0,0,0.36571191365711914,0.06948497515576939,0.26778115501519756,0.10128765233386985
MANITOWOC CO INC,0000061986,Large Accelerated Filer,Not provided,2012,FY,10-K,2012-01-01,2012-12-31,4057300000.0,1328000000.0,2729300000.0,4057300000.0,3476000000.0,1145900000.0,2330100000.0,0,0.0,581300000.0,600300000.0,-19000000.0,3927000000.0,2992600000.0,934400000.0,652600000.0,3645200000.0,0.0,281800000.0,-151500000.0,0.0,-151500000.0,130300000.0,0.0,130300000.0,38000000.0,92600000.0,0.0,0,92600000.0,0,-9100000.0,0,101700000.0,88000000.0,-4600000.0,162300000.0,159100000.0,3200000.0,-75500000.0,-75300000.0,-200000.0,-83200000.0,-83200000.0,0,600000.0,3000000.0,1200000.0,4800000.0,97100000.0,-9100000.0,0.18948229997953753,0.02282305967022404,0.15929812489248238,0.02358034122740005
FURMANITE CORP,0000054441,Accelerated Filer,Not provided,2012,FY,10-K,2012-01-01,2012-12-31,231628000.0,157293000.0,74335000.0,231628000.0,112549000.0,50439000.0,62110000.0,0,0.0,119079000.0,119079000.0,0,326492000.0,233337000.0,93155000.0,85643000.0,318980000.0,0.0,7512000.0,0,0,0,6170000.0,0,6170000.0,-5365000.0,805000.0,0,0,805000.0,805000.0,0,0.0,805000.0,-1287000.0,-2092000.0,14877000.0,14877000.0,0,-21686000.0,-21686000.0,0,5098000.0,5098000.0,0,-1711000.0,0,372000.0,-1339000.0,-1287000.0,0,0.006806229602448552,0.0034754002106826463,0.006760218006533478,0.0024656040576798207
KAMAN CORPORATION,0000054381,Large Accelerated Filer,Not provided,2012,FY,10-K,2012-01-01,2012-12-31,1096993000.0,618045000.0,478948000.0,1096993000.0,676800000.0,223952000.0,452848000.0,0.0,0.0,420193000.0,420193000.0,0,1592828000.0,1150855000.0,441973000.0,0,0,0,92838000.0,0,0,0,80828000.0,0,80828000.0,26900000.0,53702000.0,1323000.0,0,55025000.0,55025000.0,0,0.0,55025000.0,51381000.0,3644000.0,80970000.0,84580000.0,-3610000.0,-117864000.0,-117856000.0,-8000.0,38573000.0,39640000.0,-1067000.0,6364000.0,-4685000.0,-71000.0,1679000.0,51381000.0,0,0.15068406870262452,0.05015984605188912,0.1309517293243819,0.03454547509210034
JACOBS ENGINEERING GROUP INC /DE/,0000052988,Large Accelerated Filer,jec,2012,FY,10-K,2011-10-01,2012-09-28,6839433000.0,3612077000.0,3227356000.0,6839433000.0,3071650000.0,1747052000.0,1324598000.0,0,8894000.0,3758889000.0,3722473000.0,36416000.0,10893778000.0,0,0,0,0,0,596073000.0,-2737000.0,0.0,-2737000.0,593336000.0,0,593336000.0,202382000.0,390954000.0,0,0,390954000.0,378954000.0,12000000.0,0.0,378954000.0,346605000.0,-44349000.0,299805000.0,299805000.0,0,-181127000.0,-181127000.0,0,-2724000.0,-2724000.0,0,115954000.0,0,10870000.0,126824000.0,334605000.0,12000000.0,0.11608121890713449,0.05716175595257677,0.10400785976920308,0.035887825142021434
ANIXTER INTERNATIONAL INC,0000052795,Large Accelerated Filer,AXE,2012,FY,10-K,2011-12-31,2012-12-28,3089600000.0,2450100000.0,639500000.0,3089600000.0,2119700000.0,967300000.0,1152400000.0,0,0.0,969900000.0,969900000.0,0,6253100000.0,4844400000.0,1408700000.0,1077700000.0,5922100000.0,-48500000.0,282500000.0,0,0,0,209200000.0,0,209200000.0,84600000.0,124800000.0,0,0,124800000.0,124800000.0,0,0.0,124800000.0,158500000.0,33700000.0,141600000.0,141600000.0,0,-89500000.0,-89500000.0,0,-68800000.0,-68800000.0,0,-16700000.0,0,0,-16700000.0,158500000.0,0,0.14767483138090165,0.04039357845675816,0.1286730590782555,0.01995810078201212
Intel Corporation,0000050863,Large Accelerated Filer,Not provided,2012,FY,10-K,2012-01-01,2012-12-29,84351000000.0,31358000000.0,52993000000.0,84351000000.0,33148000000.0,12898000000.0,20250000000.0,0,0.0,51203000000.0,51203000000.0,0,53341000000.0,20190000000.0,33151000000.0,18513000000.0,38703000000.0,0.0,14719000000.0,0,0,0,14954000000.0,-81000000.0,14873000000.0,3868000000.0,11005000000.0,0,0,11005000000.0,11005000000.0,0,0.0,11005000000.0,11387000000.0,382000000.0,18884000000.0,18884000000.0,0,-14060000000.0,-14060000000.0,0,-1408000000.0,-1408000000.0,0,3416000000.0,0,-3000000.0,3413000000.0,11387000000.0,0,0.27376983929548737,0.1304667401690555,0.21492881276487705,0.2063140923492248
HUMANA INC,0000049071,Large Accelerated Filer,HUM,2012,FY,10-K,2012-01-01,2012-12-31,19979000000.0,11710000000.0,8269000000.0,19979000000.0,11132000000.0,6375000000.0,4757000000.0,0,0.0,8847000000.0,8847000000.0,0,39126000000.0,0,0,0,0,0,2016000000.0,0,0,0,1911000000.0,0,1911000000.0,689000000.0,1222000000.0,0,0,1222000000.0,1222000000.0,0,0.0,1222000000.0,1305000000.0,83000000.0,1923000000.0,1923000000.0,0,-1965000000.0,-1965000000.0,0,-29000000.0,-29000000.0,0,-71000000.0,0,0,-71000000.0,1305000000.0,0,0.16026229508196718,0.06116422243355523,0.13812591839041483,0.031232428564126155
ALCOA INC,0000004281,Large Accelerated Filer,AA,2012,FY,10-K,2012-01-01,2012-12-31,40179000000.0,7700000000.0,32479000000.0,40179000000.0,23656000000.0,5942000000.0,17714000000.0,0,0.0,16523000000.0,13199000000.0,3324000000.0,23700000000.0,20486000000.0,3214000000.0,0,0,0,665000000.0,341000000.0,0,341000000.0,324000000.0,28000000.0,324000000.0,162000000.0,162000000.0,0,0,162000000.0,191000000.0,-29000000.0,0.0,191000000.0,-686000000.0,-848000000.0,1497000000.0,1500000000.0,-3000000.0,-759000000.0,-759000000.0,0,-798000000.0,-798000000.0,0,-57000000.0,-3000000.0,-18000000.0,-78000000.0,-686000000.0,0,0.00990159525701363,0.004031956992458747,0.009804514918598317,0.006835443037974683
GOODRICH CORP,0000042542,Large Accelerated Filer,Not provided,2011,FY,10-K,2011-01-01,2011-12-31,10713700000.0,5464600000.0,5249100000.0,10713700000.0,6975200000.0,2075600000.0,4899600000.0,0,0.0,3738500000.0,3700100000.0,38400000.0,8074900000.0,5502800000.0,2572100000.0,1236300000.0,6739100000.0,0.0,1335800000.0,0,0,0,1164500000.0,4100000.0,1164500000.0,346000000.0,818800000.0,0,0,818800000.0,810400000.0,8400000.0,0.0,810400000.0,483700000.0,-335100000.0,1180000000.0,1180400000.0,-400000.0,-821000000.0,-821000000.0,0.0,-164300000.0,-164300000.0,0.0,195100000.0,-400000.0,-6200000.0,188100000.0,475300000.0,0.0,0.2804397712093708,0.07642551126128229,0.21901832285676073,0.1014006365403906
GENCORP INC,0000040888,Accelerated Filer,GY,2012,FY,10-K,2011-12-01,2012-11-30,919300000.0,368100000.0,551200000.0,919300000.0,1308100000.0,318600000.0,989500000.0,0,0.0,-392700000.0,-392700000.0,0,994900000.0,869600000.0,125300000.0,90400000.0,960000000.0,0.0,34900000.0,-21700000.0,0.0,-21700000.0,13200000.0,0,13200000.0,18900000.0,-5700000.0,3100000.0,0,-2600000.0,-2600000.0,0,0.0,-2600000.0,-2600000.0,0.0,86200000.0,88300000.0,-2100000.0,-36600000.0,-36600000.0,0,-75500000.0,-75500000.0,0,-23800000.0,-2100000.0,0,-25900000.0,-2600000.0,0,0.0066649577031530375,-0.0028282388774067226,0.006620830150241915,-0.0026133279726605688
ESTERLINE TECHNOLOGIES CORP,0000033619,Large Accelerated Filer,ESL,2012,FY,10-K,2011-10-29,2012-10-26,3227117000.0,1035693000.0,2191424000.0,3227117000.0,1606582000.0,396346000.0,1210236000.0,0,0.0,1620535000.0,1610481000.0,10054000.0,1992318000.0,1273365000.0,718953000.0,529647000.0,1803012000.0,0.0,189306000.0,0,0,0,143533000.0,0,143533000.0,29958000.0,113575000.0,0.0,0,113575000.0,112535000.0,0,0.0,112535000.0,113575000.0,0.0,194171000.0,194171000.0,0,-48502000.0,-48502000.0,0,-167820000.0,-167820000.0,0,-22151000.0,0,-2209000.0,-24360000.0,113575000.0,0,0.07536696395392048,0.035193951753221216,0.07008487937625538,0.05700646181985004
TELOS CORP,0000320121,Non-accelerated Filer,Not provided,2011,FY,10-K,2011-01-01,2011-12-31,89837000.0,57878000.0,31959000.0,89837000.0,194191000.0,42707000.0,151484000.0,0,0.0,-104354000.0,-104735000.0,381000.0,189888000.0,142345000.0,47543000.0,0,0,0,12687000.0,319000.0,-6265000.0,319000.0,6741000.0,0,6741000.0,3238000.0,3503000.0,0,0,3503000.0,1454000.0,2049000.0,0.0,1454000.0,3564000.0,61000.0,14900000.0,14900000.0,0,-8596000.0,-8596000.0,0,-6200000.0,-6200000.0,0,104000.0,0,0.0,104000.0,3564000.0,0,-0.03247818871283273,0.03899284259269566,-0.033568430534526704,0.018447716548702392
DEERE & CO,0000315189,Large Accelerated Filer,Not provided,2012,FY,10-K,2011-11-01,2012-10-31,56265800000.0,0,0,56265800000.0,49403800000.0,0,0,0,0.0,6862000000.0,6842100000.0,19900000.0,36157100000.0,25007800000.0,11149300000.0,0,0,0,5109000000.0,0,0,0,4734400000.0,-3400000.0,4734400000.0,1659400000.0,3071600000.0,0,0,3071600000.0,3064700000.0,6900000.0,800000.0,3063900000.0,2177800000.0,-893800000.0,1167700000.0,1167700000.0,0,-4004100000.0,-4004100000.0,0,3880200000.0,3880200000.0,0,1043800000.0,0,-38800000.0,1005000000.0,2177800000.0,0,0.8103630223723087,0.05459088824827871,0.44762459924220344,0.08495150330087313
DANAHER CORP /DE/,0000313616,Large Accelerated Filer,dhr,2012,FY,10-K,2012-01-01,2012-12-31,32941000000.0,7587800000.0,25353200000.0,32941000000.0,13857100000.0,4206100000.0,9651000000.0,0,0.0,19083900000.0,19016500000.0,67400000.0,18260400000.0,8846100000.0,9414300000.0,0,0,0,3095200000.0,0,0,0,2940900000.0,69900000.0,3010800000.0,711500000.0,2299300000.0,92900000.0,0,2392200000.0,2392200000.0,0,0.0,2392200000.0,2369900000.0,-22300000.0,3415000000.0,3502100000.0,-87100000.0,-1887600000.0,-2225100000.0,0.0,-388400000.0,-388400000.0,0,888600000.0,-87100000.0,2700000.0,1141700000.0,2369900000.0,0,0.14331673825913477,0.07262074618256883,0.12535173628032006,0.13100479726621542
DUCOMMUN INC /DE/,0000030305,Accelerated Filer,DCO,2012,FY,10-K,2012-01-01,2012-12-31,785074000.0,334571000.0,450503000.0,785074000.0,562399000.0,108336000.0,454063000.0,0,0.0,222675000.0,222675000.0,0,747037000.0,24586000.0,722451000.0,667638000.0,692224000.0,0.0,54813000.0,0,0,0,22015000.0,0,22015000.0,5578000.0,16437000.0,0,0,16437000.0,16437000.0,0,0.0,16437000.0,16294000.0,-143000.0,47534000.0,47534000.0,0,-15782000.0,-15782000.0,0,-26664000.0,-26664000.0,0,5088000.0,0,0,5088000.0,16294000.0,0,0.07969918249789079,0.020936879835531427,0.07381609969686763,0.022002926227214985
DOVER Corp,0000029905,Large Accelerated Filer,Not provided,2012,FY,10-K,2012-01-01,2012-12-31,10443943000.0,3027844000.0,7416099000.0,10443943000.0,5524713000.0,1986628000.0,3538085000.0,0,0.0,4919230000.0,4919230000.0,0,8104339000.0,4997274000.0,3107065000.0,0,0,0,1265377000.0,0,0,0,1137571000.0,0,1137571000.0,304452000.0,861888000.0,-50818000.0,0,811070000.0,811070000.0,0,0.0,811070000.0,803674000.0,-7396000.0,0,1261160000.0,12013000.0,0,-1345888000.0,-7134000.0,-342942000.0,-342942000.0,0,-427670000.0,4879000.0,16112000.0,-406679000.0,803674000.0,0,0.19742901931765078,0.07765936677364095,0.16487743000428928,0.10007848881938429
CUBIC CORP /DE/,0000026076,Large Accelerated Filer,Not provided,2012,FY,10-K,2011-10-01,2012-09-30,1026317000.0,712726000.0,313591000.0,1026317000.0,355975000.0,282643000.0,73332000.0,0,0.0,670342000.0,670391000.0,-49000.0,1381495000.0,594662000.0,786833000.0,658811000.0,1253473000.0,0.0,128022000.0,0,0,0,130287000.0,0,130287000.0,38183000.0,92104000.0,0,0,92104000.0,0,204000.0,0,91900000.0,92104000.0,0.0,-54677000.0,-54677000.0,0,11603000.0,11603000.0,0,-79550000.0,-79550000.0,0,-122624000.0,0,5743000.0,-116881000.0,92104000.0,0,0.15928389348330618,0.08974225312452196,0.13739852194849794,0.06666980336519496
TEXTRON INC,0000217346,Large Accelerated Filer,Not provided,2012,FY,10-K,2012-01-01,2012-12-29,13033000000.0,0,0,13033000000.0,10042000000.0,0,0,0,0.0,2991000000.0,2991000000.0,0,12237000000.0,10019000000.0,2218000000.0,1377000000.0,11396000000.0,0,841000000.0,0,0,0,841000000.0,0,841000000.0,260000000.0,589000000.0,0,0,589000000.0,589000000.0,0,0.0,589000000.0,444000000.0,-145000000.0,927000000.0,935000000.0,-8000000.0,378000000.0,378000000.0,0,-781000000.0,-781000000.0,0,532000000.0,-8000000.0,4000000.0,528000000.0,444000000.0,0,0.24521232306411325,0.04519297168725543,0.19692410565028418,0.048132712266078286
CDI CORP,0000018396,Accelerated Filer,Not provided,2012,FY,10-K,2012-01-01,2012-12-31,400705000.0,282345000.0,118360000.0,400705000.0,120925000.0,104208000.0,16717000.0,0,0.0,279780000.0,278971000.0,809000.0,1104958000.0,885549000.0,219409000.0,187143000.0,1072692000.0,0.0,32266000.0,0,0,0,32015000.0,0.0,32015000.0,12582000.0,19433000.0,0,0,19433000.0,19116000.0,317000.0,0.0,19116000.0,20923000.0,21276000.0,37137000.0,37137000.0,0,-6634000.0,-6634000.0,0,-14043000.0,-14043000.0,0,16460000.0,0,548000.0,17008000.0,20923000.0,353000.0,0.07464268841200399,0.048497023995208444,0.06945814568589606,0.017587093808090443
AAR CORP,0000001750,Large Accelerated Filer,Not provided,2012,FY,10-K,2011-06-01,2012-05-31,2195653000.0,1063272000.0,1132381000.0,2195653000.0,1329631000.0,473226000.0,856405000.0,0,0.0,866022000.0,864649000.0,1373000.0,2064998000.0,534117000.0,318557000.0,1401721000.0,1935838000.0,0,-1542000.0,0,0,0,91967000.0,1542000.0,93509000.0,25480000.0,68029000.0,0,0,68029000.0,67723000.0,306000.0,2545000.0,65178000.0,31484000.0,-36545000.0,94217000.0,94217000.0,0,-390225000.0,-390225000.0,0,306843000.0,306843000.0,0,10835000.0,0,-548000.0,10287000.0,31484000.0,0,0.08525012124166505,0.030983493293339156,0.07855343166801768,0.032943857572743415
CACI INTERNATIONAL INC /DE/,0000016058,Large Accelerated Filer,Not provided,2012,FY,10-K,2011-07-01,2012-06-30,2392876000.0,685792000.0,1707084000.0,2392876000.0,1228431000.0,484929000.0,743502000.0,0,0.0,1164445000.0,1161995000.0,2450000.0,3774473000.0,3474624000.0,299849000.0,0,0,0,299849000.0,0,0,0,275748000.0,0,275748000.0,107537000.0,167454000.0,0,0,167454000.0,167454000.0,0,0.0,167454000.0,163492000.0,-3962000.0,266688000.0,266688000.0,0,-204368000.0,-204368000.0,0,-210946000.0,-210946000.0,0,-148626000.0,0,-451000.0,-149077000.0,163492000.0,0,0.16795938980392,0.06998022463345363,0.14380584742087432,0.04436486894991698
Exelis Inc.,0001524471,Large Accelerated Filer,XLS,2012,FY,10-K,2012-01-01,2012-12-31,5212000000.0,1713000000.0,3499000000.0,5212000000.0,4196000000.0,1215000000.0,2981000000.0,0,0.0,1016000000.0,1016000000.0,0,5522000000.0,2633000000.0,2889000000.0,0,0,0,561000000.0,0,0,0,521000000.0,0,521000000.0,191000000.0,330000000.0,0,0,330000000.0,330000000.0,0,0.0,330000000.0,161000000.0,-169000000.0,385000000.0,385000000.0,0,-159000000.0,-159000000.0,0,-57000000.0,-57000000.0,0,169000000.0,0,7000000.0,176000000.0,161000000.0,0,0.4810495626822157,0.06331542594013814,0.3248031496062992,0.05976095617529881
"Integrity Applications, Inc.",0001506983,Smaller Reporting Company,Not provided,2011,FY,10-K,2001-09-30,2011-12-31,2182499.0,1989321.0,193178.0,2182499.0,1214260.0,283041.0,931219.0,0,0.0,968239.0,968239.0,0,0,0,0,0,0,912.0,-10716536.0,0,0,0,-12517519.0,0,-12517519.0,0,-12517519.0,0,0,-12517519.0,-12517519.0,0,0.0,-12517519.0,-12517519.0,0.0,-9276835.0,-9276835.0,0,-302775.0,-302775.0,0,11364508.0,11364508.0,0,1784898.0,0,111606.0,1896504.0,-12517519.0,0,,-5.735406522523034,-12.928129315179413,
"HUNTINGTON INGALLS INDUSTRIES, INC.",0001501585,Large Accelerated Filer,Not provided,2012,FY,10-K,2012-01-01,2012-12-31,6392000000.0,2484000000.0,3908000000.0,6392000000.0,5725000000.0,1384000000.0,4341000000.0,0,0.0,667000000.0,667000000.0,0,6708000000.0,802000000.0,5906000000.0,0,0,0,340000000.0,0,0,0,223000000.0,18000000.0,241000000.0,95000000.0,146000000.0,0,0,146000000.0,146000000.0,0,0.0,146000000.0,-218000000.0,-364000000.0,332000000.0,332000000.0,0,-162000000.0,-162000000.0,0,-28000000.0,-28000000.0,0,142000000.0,0,0,142000000.0,-218000000.0,0,0.2802303262955854,0.022841051314142678,0.21889055472263869,0.021765056648777578
"EnergySolutions, Inc.",0001393744,Accelerated Filer,Not provided,2012,FY,10-K,2012-01-01,2012-12-31,2655462000.0,794535000.0,1860927000.0,2655462000.0,2354543000.0,644780000.0,1709763000.0,0,0.0,300919000.0,300419000.0,500000.0,1807505000.0,1636779000.0,170726000.0,0,0,0,-7392000.0,0,0,0,14496000.0,7392000.0,21888000.0,17959000.0,3929000.0,0,0,3929000.0,0,-53000.0,0,3982000.0,10342000.0,6413000.0,67636000.0,67636000.0,0,-11823000.0,-11823000.0,0,565000.0,565000.0,0,56378000.0,0,600000.0,56978000.0,10395000.0,-53000.0,0.013229401663355666,0.0014795918751614597,0.01305666973504498,0.002173714595533622
"ICF International, Inc.",0001362004,Accelerated Filer,icfi,2012,FY,10-K,2012-01-01,2012-12-31,709721000.0,238502000.0,471219000.0,709721000.0,280971000.0,146831000.0,134140000.0,0,0.0,428750000.0,428750000.0,0,937133000.0,583195000.0,353938000.0,288318000.0,871513000.0,0.0,65620000.0,0,0,0,61911000.0,0,61911000.0,23836000.0,38075000.0,0,0,38075000.0,38075000.0,0,0.0,38075000.0,37639000.0,-436000.0,87241000.0,87241000.0,0,-23535000.0,-23535000.0,0,-52642000.0,-52642000.0,0,11064000.0,0,-436000.0,10628000.0,37639000.0,0,0.09745952518077684,0.05364784189843615,0.08880466472303207,0.04062923832582995
"KBR, INC.",0001357615,Large Accelerated Filer,KBR,2012,FY,10-K,2012-01-01,2012-12-31,5767000000.0,3668000000.0,2099000000.0,5767000000.0,3256000000.0,2277000000.0,979000000.0,0,0.0,2511000000.0,2542000000.0,-31000000.0,7921000000.0,7252000000.0,669000000.0,370000000.0,7622000000.0,0.0,299000000.0,0,0,0,288000000.0,151000000.0,288000000.0,86000000.0,202000000.0,0,0,202000000.0,144000000.0,58000000.0,0.0,144000000.0,140000000.0,-62000000.0,142000000.0,142000000.0,0,52000000.0,52000000.0,0,-116000000.0,-116000000.0,0,78000000.0,0,9000000.0,87000000.0,82000000.0,58000000.0,0.08748375920311822,0.03502687705912953,0.08044603743528475,0.025501830576947354
Oracle Corporation,0001341439,Large Accelerated Filer,ORCL,2012,FY,10-K,2011-06-01,2012-05-31,78327000000.0,40023000000.0,38304000000.0,78327000000.0,34240000000.0,15388000000.0,18852000000.0,0,0.0,44087000000.0,43688000000.0,399000000.0,37121000000.0,3743000000.0,33378000000.0,19672000000.0,23415000000.0,0.0,13706000000.0,22000000.0,-647000000.0,22000000.0,13081000000.0,0,13081000000.0,2981000000.0,10100000000.0,0,0,10100000000.0,9981000000.0,0,0.0,9981000000.0,10100000000.0,0.0,13743000000.0,13743000000.0,0,-8381000000.0,-8381000000.0,0,-6099000000.0,-6099000000.0,0,-737000000.0,0,-471000000.0,-1208000000.0,10100000000.0,0,0.2971724482890517,0.1289465956822041,0.2290924762401615,0.2720831874141322
"SAIC, Inc.",0001336920,Large Accelerated Filer,sai,2012,FY,10-K,2011-02-01,2012-01-31,6667000000.0,4205000000.0,2462000000.0,6667000000.0,4486000000.0,3025000000.0,1461000000.0,0,0.0,2181000000.0,2181000000.0,0,10587000000.0,9606000000.0,981000000.0,670000000.0,10276000000.0,0.0,311000000.0,0,0,0,207000000.0,0,207000000.0,215000000.0,-8000000.0,67000000.0,0,59000000.0,59000000.0,0,0.0,59000000.0,55000000.0,-4000000.0,772000000.0,834000000.0,-62000000.0,-203000000.0,-369000000.0,166000000.0,-449000000.0,-449000000.0,0,16000000.0,104000000.0,1000000.0,225000000.0,55000000.0,0,0.027803958529688966,0.008849557522123894,0.0270518110958276,0.0055728723906678
"NCI, Inc.",0001334478,Smaller Reporting Company,Not provided,2012,FY,10-K,2012-01-01,2012-12-31,141776000.0,77083000.0,64693000.0,141776000.0,68886000.0,48663000.0,20223000.0,0,0.0,72890000.0,72890000.0,0,368387000.0,322281000.0,46106000.0,186137000.0,508418000.0,0.0,-140031000.0,0,0,0,-141356000.0,0,-141356000.0,-54532000.0,-86824000.0,0,0,-86824000.0,-86824000.0,0,0.0,-86824000.0,-86824000.0,0.0,41535000.0,41535000.0,0,-1785000.0,-1785000.0,0,-41806000.0,-41806000.0,0,-2056000.0,0,0,-2056000.0,-86824000.0,0,-0.5436217238313485,-0.6124026633562804,-1.1911647688297435,-0.2356869270631157
INFERX CORP,0001329548,Smaller Reporting Company,nfrx,2011,FY,10-K,"
2011-01-01
","
2011-12-31
",530893.0,387335.0,143558.0,530893.0,44883808.0,44536756.0,347052.0,0,231308.0,-44584223.0,-44584223.0,0,3395002.0,2352409.0,1042593.0,2637086.0,4989495.0,0.0,-1594493.0,-39911123.0,0.0,-39911123.0,-41505616.0,0,-41505616.0,0.0,-41505616.0,0,0,-41505616.0,-41505616.0,0,0.0,-41505616.0,-41505616.0,0.0,-174974.0,-174974.0,0,-133612.0,-133612.0,0,428632.0,428632.0,0,120046.0,0,0,120046.0,-41505616.0,0,13.481946867526666,-78.1807558208528,0.9309485106424307,-12.225505610895075
SILICON GRAPHICS INTERNATIONAL CORP.,0001316625,Accelerated Filer,Not provided,2012,FY,10-K,2011-06-25,2012-06-29,496880000.0,395365000.0,101515000.0,496880000.0,385988000.0,282405000.0,103583000.0,0,0.0,110892000.0,110892000.0,0,752987000.0,559170000.0,193817000.0,215260000.0,774430000.0,0.0,-21443000.0,-2017000.0,0.0,-2017000.0,-23460000.0,0,-23460000.0,1001000.0,-24461000.0,0.0,0,-24461000.0,-24461000.0,0,0.0,-24461000.0,-26514000.0,-2053000.0,-46828000.0,-46828000.0,0,-7700000.0,-7700000.0,0,19059000.0,19059000.0,0,-35469000.0,0,452000.0,-35017000.0,-26514000.0,0,-0.18072004314643927,-0.04922919014651425,-0.2205839916314973,-0.03248528859063968
SYNNEX CORP,0001177394,Large Accelerated Filer,Not provided,2012,FY,10-K,2011-12-01,2012-11-30,2963262000.0,2580461000.0,382801000.0,2963262000.0,1643907000.0,1494707000.0,149200000.0,0,0.0,1319355000.0,1319023000.0,332000.0,10285507000.0,9628770000.0,656737000.0,0,0,0,255012000.0,0,0,0,236553000.0,0,236553000.0,84050000.0,152503000.0,0.0,0,152503000.0,151376000.0,1127000.0,0.0,151376000.0,157257000.0,4754000.0,242793000.0,242793000.0,0,-9560000.0,-9560000.0,0,-137492000.0,-137492000.0,0,95741000.0,0,387000.0,96128000.0,156739000.0,518000.0,0.1306960951346015,0.05146456843843035,0.11558905677395394,0.014826979360375721
ALION SCIENCE & TECHNOLOGY CORP,0001166568,Non-accelerated Filer,alst,2012,FY,10-K,2011-10-01,2012-09-30,635296000.0,209097000.0,426199000.0,635296000.0,635296000.0,157503000.0,477793000.0,0,110740000.0,0,0,0,0,0,184373000.0,91494000.0,0,-52441000.0,40438000.0,-74911000.0,0.0,-74911000.0,-34473000.0,0,-34473000.0,6974000.0,-41447000.0,0,0,-41447000.0,-41447000.0,0,0.0,-41447000.0,-41421000.0,26000.0,12681000.0,12681000.0,0,-2731000.0,-2731000.0,0,-3541000.0,-3541000.0,0,6409000.0,0,0,6409000.0,-41421000.0,0,,-0.06524045484309676,,
IROBOT CORP,0001159167,Large Accelerated Filer,Not provided,2012,FY,10-K,2012-01-01,2012-12-29,356796000.0,237558000.0,119238000.0,356796000.0,80979000.0,77163000.0,3816000.0,0,0.0,275817000.0,275817000.0,0,436244000.0,239745000.0,179716000.0,154544000.0,394289000.0,0.0,25172000.0,435000.0,0.0,435000.0,25607000.0,0,25607000.0,8310000.0,17297000.0,0,0,17297000.0,17297000.0,0,0.0,17297000.0,17345000.0,48000.0,37861000.0,37861000.0,0,-82386000.0,-82386000.0,0,4987000.0,4987000.0,0,-39538000.0,0,0,-39538000.0,17345000.0,0,0.06690778276342256,0.048478682496440544,0.06271187055185141,0.03964982899478273
NORTHROP GRUMMAN CORP /DE/,0001133421,Large Accelerated Filer,Not provided,2012,FY,10-K,2012-01-01,2012-12-31,26543000000.0,8392000000.0,18151000000.0,26543000000.0,17029000000.0,6056000000.0,10973000000.0,0,0.0,9514000000.0,9514000000.0,0,25218000000.0,9223000000.0,15995000000.0,0,0,0,3130000000.0,0,212000000.0,212000000.0,2965000000.0,0,2965000000.0,987000000.0,1978000000.0,0.0,0,1978000000.0,1978000000.0,0,0.0,1978000000.0,681000000.0,-1297000000.0,2640000000.0,2640000000.0,0.0,-84000000.0,-84000000.0,0.0,-1696000000.0,-1696000000.0,0.0,860000000.0,0.0,0.0,860000000.0,681000000.0,0,0.2624734607218684,0.07452058923256602,0.20790414126550347,0.07843603775081291
OPNET TECHNOLOGIES INC,0001108924,Accelerated Filer,Not provided,2012,FY,10-K,2011-04-01,2012-03-31,198265000.0,160771000.0,37494000.0,198265000.0,78271000.0,67777000.0,10494000.0,0,0.0,119994000.0,119994000.0,0,172718000.0,38665000.0,134053000.0,106142000.0,144807000.0,0.0,27911000.0,-87000.0,0.0,-87000.0,27824000.0,0,27824000.0,9491000.0,18333000.0,0,0,18333000.0,18333000.0,0,0.0,18333000.0,17987000.0,-346000.0,27152000.0,27152000.0,0,-13223000.0,-13223000.0,0,-24570000.0,-24570000.0,0,-10641000.0,0,-298000.0,-10939000.0,17987000.0,0,0.18033464160297463,0.092467152548357,0.1527826391319566,0.10614411931587907
RPM INTERNATIONAL INC/DE/,0000110621,Large Accelerated Filer,RPM,2012,FY,10-K,2011-06-01,2012-05-31,3560020000.0,1811337000.0,1748683000.0,3560020000.0,2246037000.0,759792000.0,1486245000.0,0,0.0,1313983000.0,1183656000.0,130327000.0,3777416000.0,2235153000.0,1542263000.0,0,0,0,328289000.0,0,0,0,328289000.0,8079000.0,328289000.0,94526000.0,233763000.0,0,0,233763000.0,215936000.0,17827000.0,4024000.0,211912000.0,233763000.0,0.0,294872000.0,294872000.0,0,-267322000.0,-267322000.0,0,-117441000.0,-117441000.0,0,-89891000.0,0,-29152000.0,-119043000.0,233763000.0,0,0.21640314010109052,0.06566339514946545,0.17790412813559991,0.06188436751472435
TELEDYNE TECHNOLOGIES INC,0001094285,Large Accelerated Filer,Not provided,2012,FY,10-K,2012-01-02,2012-12-30,2406400000.0,744800000.0,1661600000.0,2406400000.0,1203000000.0,407300000.0,795700000.0,0,0.0,1203400000.0,1147800000.0,55600000.0,2127300000.0,1379100000.0,748200000.0,505100000.0,1884200000.0,0.0,243100000.0,0,17800000.0,17800000.0,228200000.0,0,228200000.0,65400000.0,162800000.0,2300000.0,0,165100000.0,164100000.0,1000000.0,0.0,164100000.0,131800000.0,-32300000.0,189500000.0,189500000.0,0,-453400000.0,-453400000.0,0,260300000.0,260300000.0,0,-3600000.0,0,0,-3600000.0,131800000.0,0,0.15900992006163922,0.06860871010638298,0.13719461525677248,0.07761011610962253
AGILENT TECHNOLOGIES INC,0001090872,Large Accelerated Filer,Not provided,2012,FY,10-K,2011-11-01,2012-10-31,10536000000.0,4629000000.0,5907000000.0,10536000000.0,5351000000.0,1893000000.0,3458000000.0,0,0.0,5185000000.0,5182000000.0,3000000.0,6858000000.0,3254000000.0,3604000000.0,2485000000.0,5739000000.0,0.0,1119000000.0,0,0,0,1043000000.0,0,1043000000.0,-110000000.0,1153000000.0,0,0,1153000000.0,1153000000.0,0,0,0,926000000.0,-227000000.0,1228000000.0,1228000000.0,0,-2372000000.0,-2372000000.0,0,-31000000.0,-31000000.0,0,-1175000000.0,0,-1000000.0,-1176000000.0,926000000.0,0,0.2859623015873016,0.10943432042520881,0.2223722275795564,0.16812481773111695
"KRATOS DEFENSE & SECURITY SOLUTIONS, INC.",0001069258,Accelerated Filer,Not provided,2012,FY,10-K,2011-12-26,2012-12-30,1284000000.0,455400000.0,828600000.0,1284000000.0,959900000.0,279000000.0,680900000.0,0,0.0,324100000.0,324100000.0,0,969200000.0,712000000.0,257200000.0,0,0,0,-49700000.0,-64800000.0,0.0,-64800000.0,-114500000.0,0,-114500000.0,-1600000.0,-112900000.0,-1500000.0,0,-114400000.0,-114400000.0,0,-1500000.0,-112900000.0,-115000000.0,-600000.0,0,52300000.0,1300000.0,0,-165100000.0,300000.0,90900000.0,90900000.0,0,-21900000.0,1600000.0,0.0,-20600000.0,-115000000.0,0,-0.2608893956670467,-0.08909657320872275,-0.35297747608762725,-0.11803549319026001
"EMCOR GROUP INC
",0000105634,Large Accelerated Filer,Not provided,2012,FY,10-K,2012-01-01,2012-12-31,3107070000.0,2044453000.0,1062617000.0,3107070000.0,1749891000.0,1294519000.0,455372000.0,0,0.0,1357179000.0,1346080000.0,11099000.0,6346679000.0,5540325000.0,806354000.0,0,0,0,249967000.0,0,0,0,244248000.0,930000.0,244248000.0,95362000.0,148886000.0,0.0,0,148886000.0,146584000.0,2302000.0,0.0,146584000.0,146495000.0,-2391000.0,184408000.0,184408000.0,0,-42546000.0,-42546000.0,0,-50587000.0,-50587000.0,0,91275000.0,0,2706000.0,93981000.0,144193000.0,2302000.0,0.1232201130023926,0.047918456938530515,0.1097025521320327,0.023458882984313527
JUNIPER NETWORKS INC,0001043604,Large Accelerated Filer,Not provided,2012,Q4,10-K,2012-01-01,2012-12-31,9832100000.0,3600700000.0,6231400000.0,9832100000.0,2832600000.0,1422000000.0,1410600000.0,0,0.0,6999500000.0,6999000000.0,0,4365400000.0,1656600000.0,2708800000.0,2400700000.0,4057300000.0,0.0,308100000.0,-16600000.0,0.0,-16600000.0,291500000.0,0,291500000.0,105000000.0,186500000.0,0,0,186500000.0,186500000.0,0.0,0.0,186500000.0,208800000.0,22300000.0,642400000.0,642400000.0,0,-596700000.0,-596700000.0,0,-548300000.0,-548300000.0,0,-502600000.0,0,0,-502600000.0,208800000.0,0.0,0.027374137677968587,0.018968480792506178,0.026644760340024286,0.04272231639712283
"GeoEye, Inc.",0001040570,Accelerated Filer,Not provided,2011,FY,10-K,2011-01-01,2011-12-31,1334585000.0,278680000.0,1055905000.0,1334585000.0,827298000.0,111943000.0,715355000.0,0,0.0,507287000.0,507287000.0,0,356407000.0,122972000.0,233435000.0,258233000.0,381205000.0,122972000.0,98174000.0,0,8249000.0,8249000.0,89925000.0,0,89925000.0,33313000.0,56612000.0,0,0,56612000.0,56612000.0,0,9701000.0,46911000.0,56612000.0,0.0,182908000.0,182908000.0,0,-274425000.0,-274425000.0,0,-2978000.0,-2978000.0,0,-94495000.0,0,0,-94495000.0,56612000.0,0,0.12561602041382375,0.04241917899571777,0.11159757691405457,0.15884087574037548
VSE CORP,0000102752,Accelerated Filer,Not provided,2012,FY,10-K,2012-01-01,2012-12-31,410211000.0,145975000.0,264236000.0,410211000.0,245876000.0,80999000.0,164877000.0,0,0.0,164335000.0,164335000.0,0,546755000.0,368540000.0,178215000.0,0,0,0,51076000.0,0,0,0,43852000.0,0,43852000.0,16488000.0,27364000.0,-6070000.0,0,21294000.0,21294000.0,0,0.0,21294000.0,21249000.0,-45000.0,59475000.0,59475000.0,0,-25470000.0,-25470000.0,0,-32955000.0,-32955000.0,0,1050000.0,0,0,1050000.0,21249000.0,0,0.14886640893170489,0.051909870773821275,0.129576779140171,0.038946145897156864
URS CORP /NEW/,0000102379,Large Accelerated Filer,Not provided,2012,FY,10-K,2011-12-31,2012-12-28,8786500000.0,3517200000.0,5269300000.0,8786500000.0,5023500000.0,2001000000.0,3022500000.0,0,0.0,3763000000.0,3621100000.0,141900000.0,0,10294500000.0,0,0,0,0,578300000.0,0,0,0,508100000.0,107600000.0,615700000.0,189900000.0,425800000.0,0,0,425800000.0,310600000.0,115200000.0,0.0,310600000.0,423400000.0,-2400000.0,430200000.0,430200000.0,0,-1446600000.0,-1446600000.0,0,892300000.0,892300000.0,0,-124100000.0,0,2600000.0,-124100000.0,308200000.0,115200000.0,,0.048460706766061575,0.11315439808663301,
EPLUS INC,0001022408,Accelerated Filer,Not provided,2012,FY,10-K,2011-04-01,2012-03-31,433688000.0,0,0,433688000.0,214061000.0,0,0,0,0.0,219627000.0,219627000.0,0,825581000.0,645558000.0,180023000.0,131941000.0,786007000.0,0,39574000.0,0,0,0,39574000.0,0,39574000.0,16207000.0,23367000.0,0,0,23367000.0,23367000.0,0,0.0,23367000.0,23313000.0,-54000.0,-21596000.0,-21596000.0,0,-38223000.0,-38223000.0,0,17846000.0,17846000.0,0,-41973000.0,0,-5000.0,-41978000.0,23313000.0,0,0.11906144909813512,0.053879747652690414,0.1063940225928506,0.02830370369473135
SAPIENT CORP,0001008817,Large Accelerated Filer,SAPE,2012,FY,10-K,2012-01-01,2012-12-31,796321000.0,538819000.0,257502000.0,796321000.0,275775000.0,187916000.0,87859000.0,0,0.0,520546000.0,520546000.0,0,1161548000.0,805381000.0,356167000.0,1057441000.0,1862822000.0,805381000.0,104107000.0,0,0,0,108691000.0,0,108691000.0,43450000.0,65241000.0,0,0,65241000.0,65241000.0,0,0.0,65241000.0,71246000.0,6005000.0,107549000.0,107549000.0,0,-55409000.0,-55409000.0,0,-33230000.0,-33230000.0,0,18910000.0,0,2722000.0,21632000.0,71246000.0,0,0.14329076113813818,0.08192801646572173,0.12533186308222521,0.0561672871030728
